@misc{kracht2018, place={Universit√§t Bielefeld}, title={Skript: Informationsstrukturierung}, journal={Informationsstrukturierung}, author={Kracht, Marcus}, year={2018}, month={Jan}}